%% This BibTeX bibliography file was created using BibDesk.
%% http://bibdesk.sourceforge.net/

%% Created for Mac Outreach Admin at 2018-07-25 15:09:20 -0400 


%% Saved with string encoding Unicode (UTF-8) 



@inproceedings{kahl2005control,
  title={Control-flow semantics for assembly-level data-flow graphs},
  author={Kahl, Wolfram and Anand, Christopher K and Carette, Jacques},
  booktitle={International Conference on Relational Methods in Computer Science},
  pages={147--160},
  year={2005},
  organization={Springer}
}

@article{pasupathi2022teaching,
  title={Teaching Interaction using State Diagrams},
  author={Pasupathi, Padma and Schankula, Christopher W and DiVincenzo, Nicole and Coker, Sarah and Anand, Christopher Kumar},
  journal={arXiv preprint arXiv:2207.12701},
  year={2022}
}

@inproceedings{schankula2020newyouthhack,
  title={NewYouthHack: Using Design Thinking to Reimagine Settlement Services for New Canadians},
  author={Schankula, Christopher and Ham, Emily and Schultz, Jessica and Irfan, Yumna and Thai, Nhan and Dutton, Lucas and Pasupathi, Padma and Sheth, Chinmay and Khan, Taranum and Tejani, Salima and others},
  booktitle={Innovations for Community Services: 20th International Conference, I4CS 2020, Bhubaneswar, India, January 12--14, 2020, Proceedings 20},
  pages={41--62},
  year={2020},
  organization={Springer}
}