@software{carette_drasil_2021,
  title      = {Drasil},
  license    = {BSD-2-Clause},
  copyright  = {BSD-2-Clause},
  shorttitle = {Drasil},
  url        = {https://github.com/JacquesCarette/Drasil/tree/v0.1-alpha},
  version    = {v0.1-alpha},
  abstract   = {Generate All The Things! Drasil is a framework for generating all of the software artifacts for (well understood) research software, from the natural knowledge base of the domain.},
  publisher  = {Zenodo},
  author     = {Carette, Jacques and Smith, Spencer and Balaci, Jason and Wu, Ting-Yu and Crawford, Samuel and Chen, Dong and Szymczak, Dan and MacLachlan, Brooks and Scime, Dan and Niazi, Maryyam},
  month      = feb,
  year       = {2021},
  doi        = {10.5281/ZENODO.4526445}
}

@book{fenton_software_1997,
  address   = {Boston, MA, USA},
  edition   = {2},
  title     = {Software {Metrics}: {A} {Rigorous} \& {Practical} {Approach}},
  isbn      = {0-534-95425-1},
  publisher = {PWS Publishing Company},
  author    = {Fenton, Norman E. and Pfleeger, Shari Lawrence},
  year      = {1997}
}

@book{patton_software_2006,
  address   = {Indianapolis, IN, USA},
  edition   = {2},
  title     = {Software {Testing}},
  isbn      = {0-672-32798-8},
  publisher = {Sams Publishing},
  author    = {Patton, Ron},
  year      = {2006}
}

@book{perry_effective_2006,
  address   = {Indianapolis, IN, USA},
  edition   = {3},
  title     = {Effective {Methods} for {Software} {Testing}},
  isbn      = {978-0-7645-9837-1},
  publisher = {Wiley Publishing, Inc.},
  author    = {Perry, William E.},
  year      = {2006}
}
