@misc{force,
  title      = {{A} few images illustrating forces},
  copyright  = {Public domain},
  shorttitle = {Force},
  url        = {https://commons.wikimedia.org/wiki/File:Force_examples.svg},
  urldate    = {2024-11-05},
  author     = {Penubag and Ramey, Arnaud},
  month      = aug,
  year       = {2010}
}

@misc{isotope,
  title      = {Part of {CNO} cycle diagram, made just to be illustrative for nuclear reactions in general},
  copyright  = {CC BY-SA 4.0},
  shorttitle = {Nuclear {Reaction}},
  url        = {https://commons.wikimedia.org/wiki/File:NuclearReaction.svg},
  urldate    = {2024-11-05},
  author     = {{Kjerish}},
  month      = dec,
  year       = {2016}
}

@misc{protein,
  title      = {Myoglobin {3D} structure},
  copyright  = {Public domain},
  shorttitle = {Myoglobin},
  url        = {https://commons.wikimedia.org/wiki/File:Myoglobin.png},
  urldate    = {2024-11-05},
  author     = {{AzaToth}},
  month      = feb,
  year       = {2008}
}
